<?xml version="1.0" encoding="UTF-8"?><record xmlns="http://www.loc.gov/MARC21/slim" xmlns:cinclude="http://apache.org/cocoon/include/1.0" xmlns:zs="http://www.loc.gov/zing/srw/">
  <leader>00526cz  a2200145n  4500</leader>
  <controlfield tag="001">n  88606210 </controlfield>
  <controlfield tag="003">DLC</controlfield>
  <controlfield tag="005">20080309080100.0</controlfield>
  <controlfield tag="008">880127n| acannaabn          |n aaa      </controlfield>
  <datafield tag="010" ind1=" " ind2=" ">
    <subfield code="a">n  88606210 </subfield>
  </datafield>
  <datafield tag="035" ind1=" " ind2=" ">
    <subfield code="a">(OCoLC)oca02190763</subfield>
  </datafield>
  <datafield tag="040" ind1=" " ind2=" ">
    <subfield code="a">DLC</subfield>
    <subfield code="b">eng</subfield>
    <subfield code="c">DLC</subfield>
    <subfield code="d">DLC</subfield>
    <subfield code="d">FMU</subfield>
    <subfield code="d">OCoLC</subfield>
  </datafield>
  <datafield tag="100" ind1="1" ind2=" ">
    <subfield code="a">Burridge, Geoffrey</subfield>
  </datafield>
  <datafield tag="670" ind1=" " ind2=" ">
    <subfield code="a">Loewe, F. Gigi [SR] p1985:</subfield>
    <subfield code="b">container (Geoffrey Burridge; plays Gaston Lachailles)</subfield>
  </datafield>
  <datafield tag="670" ind1=" " ind2=" ">
    <subfield code="a">Internet Movie Database, Aug. 6, 2004</subfield>
    <subfield code="b">(Geoffrey Burridge, b. 1949 in London, England; d. 30 September 1987; actor)</subfield>
  </datafield>
</record>